@inproceedings{gangar2021hindi,
  title={Hindi to english: Transformer-based neural machine translation},
  author={Gangar, Kavit and Ruparel, Hardik and Lele, Shreyas},
  booktitle={International Conference on Communication, Computing and Electronics Systems: Proceedings of ICCCES 2020},
  pages={337--347},
  year={2021},
  organization={Springer}
}
@article{wang2020covost,
  title={Covost 2 and massively multilingual speech-to-text translation},
  author={Wang, Changhan and Wu, Anne and Pino, Juan},
  journal={arXiv preprint arXiv:2007.10310},
  year={2020}
}
@article{jia2022cvss,
  title={CVSS corpus and massively multilingual speech-to-speech translation},
  author={Jia, Ye and Ramanovich, Michelle Tadmor and Wang, Quan and Zen, Heiga},
  journal={arXiv preprint arXiv:2201.03713},
  year={2022}
}
